<record><leader>00000cas a2200000 a 4500</leader><controlfield tag="001">9579610</controlfield><controlfield tag="008">830606d19411998nyudr ne      0    0eng c</controlfield><datafield ind1=" " ind2=" " tag="010"><subfield code="a">sn 91066514 </subfield></datafield><datafield ind1=" " ind2=" " tag="040"><subfield code="a">ZPM</subfield><subfield code="b">eng</subfield><subfield code="c">ZPM</subfield><subfield code="d">NYS</subfield><subfield code="d">OCLCQ</subfield><subfield code="d">NYS</subfield><subfield code="d">OCLCQ</subfield><subfield code="d">OCLCF</subfield><subfield code="d">OCLCO</subfield><subfield code="d">OCLCA</subfield></datafield><datafield ind1="1" ind2=" " tag="029"><subfield code="a">AU@</subfield><subfield code="b">000020226436</subfield></datafield><datafield ind1=" " ind2=" " tag="042"><subfield code="a">pcc</subfield></datafield><datafield ind1=" " ind2=" " tag="043"><subfield code="a">n-us-ny</subfield></datafield><datafield ind1="0" ind2="4" tag="245"><subfield code="a">The Reporter dispatch.</subfield></datafield><datafield ind1="1" ind2=" " tag="246"><subfield code="i">Sometimes issued as:</subfield><subfield code="a">Gannett suburban newspapers</subfield><subfield code="f">&lt;1998&gt;</subfield></datafield><datafield ind1=" " ind2=" " tag="260"><subfield code="a">White Plains, N.Y. :</subfield><subfield code="b">Westchester Co. Pub.,</subfield><subfield code="c">1941-1998.</subfield></datafield><datafield ind1=" " ind2=" " tag="300"><subfield code="a">v. :</subfield><subfield code="b">ill. ;</subfield><subfield code="c">59 cm.</subfield></datafield><datafield ind1=" " ind2=" " tag="310"><subfield code="a">Daily,</subfield><subfield code="b">&lt;May, 25, 1983&gt;</subfield></datafield><datafield ind1=" " ind2=" " tag="321"><subfield code="a">Daily (except Saturday and Sunday),</subfield><subfield code="b">&lt;Apr. 13, 1945&gt;</subfield></datafield><datafield ind1="0" ind2=" " tag="362"><subfield code="a">Vol. 1, no. 1 (Mar. 1, 1941)-v. 79, no. 226 (Oct. 11, 1998).</subfield></datafield><datafield ind1=" " ind2=" " tag="500"><subfield code="a">Published by: Westchester Rockland Newspapers, &lt;1983&gt;-</subfield></datafield><datafield ind1=" " ind2=" " tag="530"><subfield code="a">Available on microfilm from UMI.</subfield></datafield><datafield ind1=" " ind2=" " tag="580"><subfield code="a">Other eds.: Putnam County; Yorktown, Cortland and Somers, Northern Westchester County.</subfield></datafield><datafield ind1=" " ind2=" " tag="580"><subfield code="a">Formed by the union of: Daily Reporter, and: Evening Dispatch.</subfield></datafield><datafield ind1=" " ind2=" " tag="580"><subfield code="a">Putnam County ed. called: Putnam reporter dispatch.</subfield></datafield><datafield ind1=" " ind2=" " tag="580"><subfield code="a">Merged with: Herald statesman, and: Citizen register, and: Standard-star, and: Tarrytown daily news (White Plains, N.Y.), and: Mount Vernon Argus (White Plains, N.Y.), and: Daily item (Port Chester, N.Y.), and: Daily times (Mamaroneck, N.Y.), and: Star (White Plains, N.Y.), and: Putnam reporter dispatch, and: Rockland journal-news, to form: Journal news (White Plains, N.Y.).</subfield></datafield><datafield ind1=" " ind2="0" tag="651"><subfield code="a">White Plains (N.Y.)</subfield><subfield code="v">Newspapers.</subfield></datafield><datafield ind1=" " ind2="0" tag="651"><subfield code="a">Westchester County (N.Y.)</subfield><subfield code="v">Newspapers.</subfield></datafield><datafield ind1=" " ind2="7" tag="655"><subfield code="a">Newspapers.</subfield><subfield code="2">fast</subfield><subfield code="0">(OCoLC)fst01423814</subfield></datafield><datafield ind1=" " ind2="7" tag="651"><subfield code="a">New York (State)</subfield><subfield code="z">Westchester County.</subfield><subfield code="2">fast</subfield><subfield code="0">(OCoLC)fst01202684</subfield></datafield><datafield ind1=" " ind2="7" tag="651"><subfield code="a">New York (State)</subfield><subfield code="z">White Plains.</subfield><subfield code="2">fast</subfield><subfield code="0">(OCoLC)fst01212009</subfield></datafield><datafield ind1=" " ind2=" " tag="752"><subfield code="a">United States</subfield><subfield code="b">New York</subfield><subfield code="c">Westchester</subfield><subfield code="d">White Plains.</subfield></datafield><datafield ind1="1" ind2=" " tag="775"><subfield code="t">Putnam reporter dispatch</subfield><subfield code="w">(DLC)sn 92061856</subfield><subfield code="w">(OCoLC)26267596</subfield></datafield><datafield ind1="0" ind2="4" tag="780"><subfield code="t">Evening dispatch (White Plains, N.Y.)</subfield><subfield code="w">(DLC)sn2003060368</subfield><subfield code="w">(OCoLC)52290471</subfield></datafield><datafield ind1="0" ind2="4" tag="780"><subfield code="t">Daily Reporter (White Plains, N.Y.)</subfield><subfield code="w">(DLC)sn 92062016</subfield><subfield code="w">(OCoLC)26498499</subfield></datafield><datafield ind1="1" ind2="7" tag="785"><subfield code="t">Herald statesman</subfield><subfield code="x">1060-460X</subfield><subfield code="w">(DLC)sn 83031716</subfield><subfield code="w">(OCoLC)10088884</subfield></datafield><datafield ind1="1" ind2="7" tag="785"><subfield code="t">Citizen register</subfield><subfield code="x">1060-4588</subfield><subfield code="w">(DLC)sn 91066437</subfield><subfield code="w">(OCoLC)23606133</subfield></datafield><datafield ind1="1" ind2="7" tag="785"><subfield code="t">Standard-star</subfield><subfield code="x">1060-4618</subfield><subfield code="w">(DLC)sn 83031338</subfield><subfield code="w">(OCoLC)9837814</subfield></datafield><datafield ind1="1" ind2="7" tag="785"><subfield code="t">Tarrytown daily news (White Plains, N.Y.)</subfield><subfield code="w">(OCoLC)35004954</subfield></datafield><datafield ind1="1" ind2="7" tag="785"><subfield code="t">Mount Vernon Argus (White Plains, N.Y.)</subfield><subfield code="w">(OCoLC)41557311</subfield></datafield><datafield ind1="1" ind2="7" tag="785"><subfield code="t">Daily item (Port Chester, N.Y.)</subfield><subfield code="x">1060-4553</subfield><subfield code="w">(DLC)sn 84031521</subfield><subfield code="w">(OCoLC)11071958</subfield></datafield><datafield ind1="1" ind2="7" tag="785"><subfield code="t">Daily times (Mamaroneck, N.Y.)</subfield><subfield code="x">1060-4561</subfield><subfield code="w">(DLC)sn 83031572</subfield><subfield code="w">(OCoLC)10002375</subfield></datafield><datafield ind1="1" ind2="7" tag="785"><subfield code="t">Star (White Plains, N.Y.)</subfield><subfield code="x">1040-0826</subfield><subfield code="w">(DLC)sn 88002037</subfield><subfield code="w">(OCoLC)18315664</subfield></datafield><datafield ind1="1" ind2="7" tag="785"><subfield code="t">Putnam reporter dispatch</subfield><subfield code="w">(DLC)sn 92061856</subfield><subfield code="w">(OCoLC)26267596</subfield></datafield><datafield ind1="1" ind2="7" tag="785"><subfield code="t">Rockland journal-news</subfield><subfield code="w">(DLC)sn 91066008</subfield><subfield code="w">(OCoLC)23137874</subfield></datafield><datafield ind1="1" ind2="7" tag="785"><subfield code="t">Journal news (White Plains, N.Y.)</subfield><subfield code="w">(DLC)sn 99067208</subfield><subfield code="w">(OCoLC)40979145</subfield></datafield></record>